<record><leader>00000cas a22000007a 4500</leader><controlfield tag="001">26888564</controlfield><controlfield tag="008">921030d18821885ncuwr ne      0    0eng d</controlfield><datafield ind1=" " ind2=" " tag="010"><subfield code="a">sn 92073210 </subfield></datafield><datafield ind1=" " ind2=" " tag="040"><subfield code="a">NVJ</subfield><subfield code="b">eng</subfield><subfield code="c">NVJ</subfield><subfield code="d">OCLCQ</subfield></datafield><datafield ind1=" " ind2=" " tag="042"><subfield code="a">msc</subfield></datafield><datafield ind1="0" ind2="4" tag="245"><subfield code="a">The Person County news.</subfield></datafield><datafield ind1=" " ind2=" " tag="260"><subfield code="a">Roxboro, N.C. :</subfield><subfield code="b">Whitaker &amp; Gibbons</subfield></datafield><datafield ind1=" " ind2=" " tag="300"><subfield code="a">v.</subfield></datafield><datafield ind1=" " ind2=" " tag="310"><subfield code="a">Weekly</subfield></datafield><datafield ind1="1" ind2=" " tag="362"><subfield code="a">Began in 1882; ceased in 1885.</subfield></datafield><datafield ind1=" " ind2=" " tag="515"><subfield code="a">Suspended June-&lt;Sept.&gt; 1884.</subfield></datafield><datafield ind1=" " ind2=" " tag="588"><subfield code="a">Description based on: Vol. 2, no. 18 (June 5 [i.e. July 5], 1882).</subfield></datafield><datafield ind1=" " ind2=" " tag="752"><subfield code="a">United States</subfield><subfield code="b">North Carolina</subfield><subfield code="c">Person</subfield><subfield code="d">Roxboro.</subfield></datafield><datafield ind1="0" ind2="0" tag="780"><subfield code="t">Roxboro herald</subfield><subfield code="w">(DLC)sn 92073209</subfield></datafield><datafield ind1="0" ind2="0" tag="785"><subfield code="t">Person County courier</subfield><subfield code="w">(DLC)sn 92073205</subfield></datafield></record>